@techreport{feldfeber2022,
  author      = {Feldfeber, Ivana and Quiroga, Yasmín Belén  and Guevara, Clarissa  and Ciolfi Felice, Marianela},
  title       = {Feminisms in Artificial Intelligence:  Automation Tools towards a Feminist Judiciary Reform in Argentina and Mexico},
  institution = {DataGenero},
  year        = {2022},
  url         = {https://drive.google.com/file/d/1P-hW0JKXWZ44Fn94fDVIxQRTExkK6m4Y/view}
}

@book{Coleman1974,
  author = {Coleman, Rodney},
  title  = {{Stochastic processes}},
  year   = {1974}
}

@article{Ruiz2008,
  author  = {Ruiz, M and Boada, I and Viola, I and Bruckner, S and Feixas, M and Sbert, M},
  journal = {Symposium A Quarterly Journal In Modern Foreign Literatures},
  title   = {{Obscurance-based Volume Rendering Framework}},
  volume  = {i},
  year    = {2008}
}

@misc{Halcon,
  author = {MVTec},
  title  = {{MVTec Software GmbH HALCON – The power of machine vision}},
  year   = {(Accessed: June 2021)},
  note   = {Available at \url{https://www.mvtec.com/products/halcon/}}
}